@book{abraham2005,
author = {Abraham, A. and Jain, L. and Goldberg, R.},
booktitle = {Chemistry \& \ldots},
publisher = {Springer-Verlag London Limited},
series = {Advanced Information and Knowledge Processing},
title = {{Evolutionary Multiobjective Optimization: Theorical Advances and Applications}},
year = {2005}
}

@book{araujo2013,
address = {Florian\'{o}polis, SC},
author = {Ara\'{u}jo, E. C. and Guizzo, G. and Lamb, J. R. and Merencia, L. J.},
isbn = {9788575022801},
pages = {142},
publisher = {VisualBooks},
title = {{Padr\~{o}es de Projeto em Aplica\c{c}\~{o}es WEB}},
year = {2013}
}
@techreport{bergey2010,
address = {Pittsburgh, PA},
author = {Bergey, J. K. and Chastek, G. and Sholom, C. and Donohoe, P. and Jones, L. G. and Northrop, L.},
file = {:Users/giovaniguizzo/Documents/Mendeley Desktop/Bergey et al. - 2010 - Software Product Lines Report of the 2010 U.S. Army Software Product Line Workshop.pdf:pdf},
institution = {Carnegie Mellon University},
number = {June},
pages = {28},
title = {{Software Product Lines : Report of the 2010 U.S. Army Software Product Line Workshop}},
year = {2010}
}
@article{browman2010,
author = {Bowman, M. and Briand, L. C. and Labiche, Y.},
issn = {0098-5589},
journal = {IEEE Transactions on Software Engineering},
month = sep,
number = {6},
pages = {817--837},
title = {{Solving the Class Responsibility Assignment Problem in Object-Oriented Analysis with Multi-Objective Genetic Algorithms}},
volume = {36},
year = {2010}
}
@inproceedings{braganca2006,
address = {Washington, DC},
author = {Braganca, A. and Machado, R. J.},
booktitle = {Proceedings of the 10th International on Software Product Line Conference},
isbn = {0-7695-2599-7},
month = aug,
organization = {Universidade do Minho, Guimar\~{a}es, Portugal},
pages = {123--130},
publisher = {IEEE Computer Society},
series = {SPLC '06},
title = {{Extending UML 2.0 Metamodel for Complementary Usages of the <<extend>> Relationship within Use Case Variability Specification}},
year = {2006}
}
@inproceedings{cinneide1999,
author = {Cinneide, M. \'{O} and Nixon, P.},
booktitle = {Proceedings on IEEE International Conference on Software Maintenance, 1999},
doi = {10.1109/ICSM.1999.792644},
issn = {1063-6773},
pages = {463--472},
title = {{A methodology for the automated introduction of design patterns}},
year = {1999}
}
@inproceedings{cinneide1999.2,
address = {London, UK, UK},
author = {Cinn\'{e}ide, M. \'{O} and Nixon, P.},
booktitle = {Proceedings of the Workshop on Object-Oriented Technology},
isbn = {3-540-66954-X},
pages = {176----},
publisher = {Springer-Verlag},
title = {{Automated Application of Design Patterns to Legacy Code}},
url = {http://dl.acm.org/citation.cfm?id=646779.705617},
year = {1999}
}
@inproceedings{cinneide2001,
address = {New York, NY, USA},
author = {Cinn\'{e}ide, M. \'{O} and Nixon, P.},
booktitle = {Proceedings of the 4th International Workshop on Principles of Software Evolution},
doi = {10.1145/602461.602499},
isbn = {1-58113-508-4},
keywords = {automated program transformations,design patterns,design quality,refactoring},
pages = {162--165},
publisher = {ACM},
series = {IWPSE '01},
title = {{Automated software evolution towards design patterns}},
url = {http://doi.acm.org/10.1145/602461.602499},
year = {2001}
}
@book{clements2001,
address = {Boston, MA},
author = {Clements, P. and Northrop, L.},
edition = {3rd},
howpublished = {Hardcover},
isbn = {0201703327},
keywords = {clements2001},
month = aug,
publisher = {Addison-Wesley Professional},
title = {{Software Product Lines: Practices and Patterns}},
year = {2001}
}

@book{Clements2002,
author = {Clements, P. and Garlan, D. and Bass, L. and Stafford, J. and Nord, R. and Ivers, J. and Little, R.},
 title = {Documenting Software Architectures: Views and Beyond},
 year = {2002},
 isbn = {0201703726},
 publisher = {Pearson Education},
}


@book{coello2007,
author = {Coello, C. A. C. and Lamont, G. B. and Veldhuizen, D. A. V.},
edition = {2nd},
publisher = {Springer Science+Business Media, LLC},
title = {{Evolutionary Algorithms for Solving Multi-Objective Problems Second Edition}},
year = {2007}
}
@inproceedings{colanzi2012,
address = {Zurich},
author = {Colanzi, T. E.},
booktitle = {34th International Conference on Software Engineering (ICSE), Doctoral Symposium},
file = {:Users/giovaniguizzo/Documents/Mendeley Desktop/Colanzi - 2012 - Search based design of software product lines architectures(2).pdf:pdf},
issn = {0270-5257},
pages = {1507--1510},
series = {ICSE '12},
title = {{Search based design of software product lines architectures}},
year = {2012}
}
@phdthesis{colanzi2011,
address = {Curitiba, PR},
author = {Colanzi, T. E.},
file = {:Users/giovaniguizzo/Documents/Mendeley Desktop/Colanzi - 2011 - Uma Abordagem de Otimiza\c{c}\~{a}o Multiobjetivo para Projeto Arquitetural de Linha de Produto de Software.pdf:pdf},
school = {Universidade Federal do Paran\'{a}},
title = {{Uma Abordagem de Otimiza\c{c}\~{a}o Multiobjetivo para Projeto Arquitetural de Linha de Produto de Software}},
type = {Proposta de Tese de Doutorado},
year = {2011}
}
@inproceedings{colanzi2012wesb,
address = {Natal, RN},
author = {Colanzi, T. E. and Vergilio, S. R.},
booktitle = {3rd Brazilian Workshop on Search Based Software Engineering},
file = {:Users/giovaniguizzo/Documents/Mendeley Desktop/Colanzi, Vergilio - 2012 - Dire\c{c}\~{o}es de Pesquisa para a Otimiza\c{c}\~{a}o de Arquiteturas de Linhas de Produto de Software Baseada em Busca.pdf:pdf},
series = {WESB'12},
title = {{Dire\c{c}\~{o}es de Pesquisa para a Otimiza\c{c}\~{a}o de Arquiteturas de Linhas de Produto de Software Baseada em Busca}},
year = {2012}
}
@inproceedings{colanzi2013,
author = {Colanzi, T. E. and Vergilio, S. R.},
booktitle = {CMSBSE Workshop of International Conference on Software Engineering (ICSE)},
file = {:Users/giovaniguizzo/Documents/Mendeley Desktop/Colanzi, Vergilio - 2013 - Representation of Software Product Lines Architectures for Search-based Design.pdf:pdf},
title = {{Representation of Software Product Lines Architectures for Search-based Design}},
year = {2013}
}
@inproceedings{colanzi2012ssbse,
address = {Riva del Garda},
author = {Colanzi, T. E. and Vergilio, S. R.},
booktitle = {Proceedings of the 4th International Symposium on Search Based Software Engineering},
file = {:Users/giovaniguizzo/Documents/Mendeley Desktop/Colanzi, Vergilio - 2012 - Applying Search Based Optimization to Software Product Line Architectures Lessons Learned.pdf:pdf},
isbn = {978-3-642-33118-3},
pages = {259--266},
series = {SSBSE'12},
title = {{Applying Search Based Optimization to Software Product Line Architectures: Lessons Learned}},
volume = {7515},
year = {2012}
}

@phdthesis{colanzi2014,
address = {Curitiba, PR},
author = {Colanzi, T. E.},
pages = {215},
school = {Universidade Federal do Paran\'{a}},
title = {{Uma abordagem de otimiza\c{c}\~{a}o multiobjetivo para projeto arquitetural de linha de produto de software}},
type = {Tese de Doutorado},
year = {2014}
}

@inproceedings{junior2011,
author = {{Contieri Junior}, A. C. and Correia, G. G. and Colanzi, T. E. and Gimenes, I. M. S. and Junior, E. A. O. and Ferrari, S. and Masiero, P. C. and Garcia, A. F.},
booktitle = {5th European Conference on Software Architecture (ECSA 2011)},
pages = {130--138},
title = {{Extending UML Components to Develop Software Product-Line Architectures: Lessons Learned}},
year = {2011}
}
@phdthesis{contieri2010,
address = {Maring\'{a}, PR},
author = {{Contieri J\'{u}nior}, A. C.},
school = {Universidade Estadual de Maring\'{a}},
title = {{Aplica\c{c}\~{a}o de m\'{e}tricas em arquiteturas de linhas de produto de software}},
type = {Monografia de Trabalho de Conclus\~{a}o de Curso},
year = {2010}
}
@inproceedings{coplien1998,
author = {Coplien, J. O.},
booktitle = {The Patterns Handbook: Techniques, Strategies, and Applications},
editor = {Rising, LindaEditor},
file = {:Users/giovaniguizzo/Documents/Mendeley Desktop/Coplien - 1998 - Software Design Patterns Common Questions and Answers.pdf:pdf},
pages = {311--320},
publisher = {Cambridge University Press},
title = {{Software Design Patterns: Common Questions and Answers}},
year = {1998}
}
@article{deb2002,
author = {Deb, K. and Pratap, A. and Agarwal, S. and Meyarivan, T.},
issn = {1089-778X},
journal = {IEEE Transactions on Evolutionary Computation},
month = apr,
number = {2},
pages = {182--197},
title = {{A fast and elitist multiobjective genetic algorithm: NSGA-II}},
volume = {6},
year = {2002}
}
@article{durillo2011,
author = {Durillo, J. J. and Nebro, A. J.},
doi = {DOI: 10.1016/j.advengsoft.2011.05.014},
issn = {0965-9978},
journal = {Advances in Engineering Software},
keywords = {Experimentation,Metaheuristics,Multi-objective optimization,Object-oriented architecture,Performance assessment support,Software tool},
pages = {760--771},
title = {{jMetal: A Java framework for multi-objective optimization}},
url = {http://www.sciencedirect.com/science/article/pii/S0965997811001219},
volume = {42},
year = {2011}
}
@inproceedings{eden1997,
address = {Washington, DC},
author = {Eden, A. H. and Yehudai, A. and Gil, J. Y.},
booktitle = {Proceedings of the 12th International Conference on Automated Software Engineering},
file = {:Users/giovaniguizzo/Documents/Mendeley Desktop/Eden, Yehudai, Gil - 1997 - Precise Specification and Automatic Application of Design Patterns.pdf:pdf},
isbn = {0818679611},
pages = {143--152},
publisher = {IEEE Computer Society},
series = {ASE '97},
title = {{Precise Specification and Automatic Application of Design Patterns}},
year = {1997}
}
@inproceedings{fant2012,
address = {Zurich},
author = {Fant, J. S. and Gomaa, H. and {Pettit IV}, R. G.},
booktitle = {3rd International Workshop on Product Line Approaches in Software Engineering (PLEASE)},
file = {:Users/giovaniguizzo/Documents/Mendeley Desktop/Fant, Gomaa, Pettit IV - 2012 - Software product line engineering of space flight software.pdf:pdf},
isbn = {9781467317511},
month = jun,
pages = {41--44},
title = {{Software product line engineering of space flight software}},
year = {2012}
}

@article{fant2013,
author = {J. S. Fant and H. Gomaa and R. G. Pettit},
title = {A Pattern-Based Modeling Approach for Software Product Line Engineering},
journal ={2013 46th Hawaii International Conference on System Sciences},
volume = {0},
issn = {1530-1605},
year = {2013},
pages = {4985-4994},
doi = {http://doi.ieeecomputersociety.org/10.1109/HICSS.2013.52},
publisher = {IEEE Computer Society},
address = {Los Alamitos, CA, USA},
}

@inproceedings{figueiredo2008,
address = {New York, NY, USA},
author = {Figueiredo, E. and Cacho, N. and Sant'Anna, C. and Monteiro, M. and Kulesza, U. and Garcia, A. and Soares, S. and Ferrari, F. and Khan, S. and {Castor Filho}, F. and Dantas, F.},
booktitle = {Proceedings of the 30th International Conference on Software Engineering (ICSE'08)},
doi = {http://doi.acm.org/10.1145/1368088.1368124},
isbn = {978-1-60558-079-1},
keywords = {aspect-oriented programming,empirical evaluation,software product lines},
pages = {261--270},
publisher = {ACM},
title = {{Evolving software product lines with aspects: an empirical study on design stability}},
url = {http://doi.acm.org/10.1145/1368088.1368124},
year = {2008}
}
@article{franca2012,
author = {Fran\c{c}a, A. C. C.},
file = {:Users/giovaniguizzo/Documents/Mendeley Desktop/Fran\c{c}a - 2012 - Como Ler Artigos Cient\'{\i}ficos Uma abordagem para leitores em Engenharia de Software.pdf:pdf},
journal = {SBC Horizontes},
month = dec,
pages = {19--23},
publisher = {SBC},
title = {{Como Ler Artigos Cient\'{\i}ficos?: Uma abordagem para leitores em Engenharia de Software}},
volume = {5},
year = {2012}
}
@book{gamma2000,
address = {Porto Alegre, RS, Brasil},
author = {Gamma, E. and Helm, R. and Johnson, R. and Vlissides, J.},
pages = {364},
publisher = {Bookman},
title = {{Padr\~{o}es de Projeto: Solu\c{c}\~{o}es reutiliz\'{a}veis de software orientado a objetos}},
translator = {Salgado, Luiz A. Meirelles},
year = {2000}
}
@book{garey1990,
address = {New York, NY, USA},
author = {Garey, M. R. and Johnson, D. S.},
isbn = {0716710455},
publisher = {W. H. Freeman},
title = {{Computers and Intractability: A Guide to the Theory of NP-Completeness}},
year = {1990}
}

@techreport{garlam1994,
 author = {Garlan, D. and Shaw, M.},
 title = {An Introduction to Software Architecture},
 year = {1994},
 publisher = {Carnegie Mellon University},
 address = {Pittsburgh, PA, USA}
} 

@inproceedings{gawley2007,
address = {Atlanta, Georgia},
author = {Gawley, R.},
booktitle = {Proceedings of the 22nd IEEE/ACM International Conference on Automated Software Engineering},
file = {:Users/giovaniguizzo/Documents/Mendeley Desktop/Gawley - 2007 - Automating the identification of variability realisation techniques from feature models.pdf:pdf},
isbn = {9781595938824},
pages = {555--558},
publisher = {ACM Press},
series = {ASE '07},
title = {{Automating the identification of variability realisation techniques from feature models}},
year = {2007}
}
@book{gomaa2004livro,
address = {Boston, MA},
author = {Gomaa, H.},
booktitle = {Clinical trials London England},
issn = {17407753},
number = {6},
pmid = {22167112},
publisher = {Addison-Wesley Professional},
title = {{Designing Software Product Lines with UML: From Use Cases to Pattern-Based Software Architectures}},
volume = {8},
year = {2004}
}

@inproceedings{gomaa2007ModelBased,
 author = {Gomaa, H. and Hussein, M.},
 title = {Model-Based Software Design and Adaptation},
 booktitle = {Proceedings of the 2007 International Workshop on Software Engineering for Adaptive and Self-Managing Systems},
 series = {SEAMS '07},
 year = {2007},
 isbn = {0-7695-2973-9},
 pages = {7--},
 url = {http://dx.doi.org/10.1109/SEAMS.2007.13},
 doi = {10.1109/SEAMS.2007.13},
 acmid = {1270320},
 publisher = {IEEE Computer Society},
 address = {Washington, DC, USA},
}

@inproceedings{gomaa2004,
address = {Washington, DC},
author = {Gomaa, H. and Hussein, M.},
booktitle = {Proceedings of the Fourth Working IEEE/IFIP Conference on Software Architecture},
file = {:Users/giovaniguizzo/Documents/Mendeley Desktop/Gomaa, Hussein - 2004 - Software Reconfiguration Patterns for Dynamic Evolution of Software Architectures.pdf:pdf},
isbn = {076952172X},
pages = {79--88},
publisher = {IEEE Computer Society},
series = {WICSA '04},
title = {{Software Reconfiguration Patterns for Dynamic Evolution of Software Architectures}},
year = {2004}
}

@book{gomaa2011livro,
author = {Gomaa, H.},
publisher = {Cambridge University Press},
title = {{Software Modeling and Design: UML, Use Cases, Patterns e Software Architectures}},
address = {New York, NY, USA},
year = {2011}
}

@inproceedings{guizzo2013,
address = {Temuco, Chile},
author = {Guizzo, G. and Colanzi, T. E. and Vergilio, S. R.},
booktitle = {Proceedings of Jornada Chilenas de Computaci\'{o}n 2013},
month = nov,
series = {SCCC '13},
title = {{Applying design patterns in product line
search-based design: feasibility analysis and
implementation aspects}},
year = {2013}
}

@phdthesis{guizzo2014,
address = {Curitiba, PR},
author = {Guizzo, Giovani},
pages = {187},
school = {Universidade Federal do Paran\'{a}},
title = {{Uso de Padr\~oes em Projeto Arquitetural Baseado em Busca de Linha de Produto de Software}},
type = {Dissertaç\~ao de Mestrado},
year = {2014}
}

@article{harman2010,
address = {Los Alamitos, CA, USA},
author = {Harman, M. and Mansouri, A.},
file = {:Users/giovaniguizzo/Documents/Mendeley Desktop/Harman, Mansouri - 2010 - Search Based Software Engineering Introduction to the Special Issue of the IEEE Transactions on Software Engin.pdf:pdf},
issn = {0098-5589},
journal = {IEEE Transactions on Software Engineering},
number = {6},
pages = {737--741},
publisher = {IEEE Computer Society},
title = {{Search Based Software Engineering: Introduction to the Special Issue of the IEEE Transactions on Software Engineering}},
volume = {36},
year = {2010}
}

@inproceedings{huen2007,
address = {Milwaukee, WI},
author = {Huen, W. H.},
booktitle = {37th Annual Frontiers In Education Conference - Global Engineering: Knowledge Without Borders, Opportunities Without Passports.},
doi = {10.1109/FIE.2007.4417916},
file = {:Users/giovaniguizzo/Documents/Mendeley Desktop/Huen - 2007 - Systems engineering of complex software systems.pdf:pdf},
isbn = {978-1-4244-1083-5},
issn = {0190-5848},
month = oct,
pages = {16--21},
publisher = {IEEE},
series = {FIE '07},
title = {{Systems engineering of complex software systems}},
year = {2007}
}

@inproceedings{ihme2001,
  added-at = {2003-09-19T00:00:00.000+0200},
  author = {Ihme, T.},
  biburl = {http://www.bibsonomy.org/bibtex/2ee468f107377d6219f6f72772c6ffc34/dblp},
  booktitle = {EUROMICRO},
  crossref = {conf/euromicro/2001},
  date = {2003-09-19},
  description = {dblp},
  ee = {http://csdl.computer.org/comp/proceedings/euromicro/2001/1236/00/12360090abs.htm},
  interhash = {417fb10b73033da68ff1840a3d43f132},
  intrahash = {ee468f107377d6219f6f72772c6ffc34},
  isbn = {0-7695-1236-4},
  keywords = {dblp},
  pages = {90-96},
  publisher = {IEEE Computer Society},
  timestamp = {2003-09-19T00:00:00.000+0200},
  title = {An Architecture Line Structure for Command and Control Software.},
  url = {http://dblp.uni-trier.de/db/conf/euromicro/euromicro2001.html#Ihme01},
  year = 2001
}

@article{keepence1999,
author = {Keepence, B. and Mannion, M.},
file = {:Users/giovaniguizzo/Documents/Mendeley Desktop/Keepence, Mannion - 1999 - Using patterns to model variability in product families.pdf:pdf},
journal = {IEEE Software},
month = aug,
number = {August},
pages = {102--108},
title = {{Using patterns to model variability in product families}},
year = {1999}
}
@book{kerievsky2004,
author = {Kerievsky, J.},
isbn = {0321213351},
publisher = {Pearson Higher Education},
title = {{Refactoring to Patterns}},
year = {2004}
}

@misc{aspectJ2002,
title={Aspect-oriented programming},
author={Kiczales, G.J. and Lamping, J.O. and Lopes, C.V. and Hugunin, J.J. and Hilsdale, E.A. and Boyapati, C.},
url={http://www.google.com/patents/US6467086},
year={2002}
}

@article{konak2006,
author = {Konak, A. and Coit, D. W. and Smith, A. E.},
journal = {Reliability Engineering and System Safety 91},
pages = {992--1007},
title = {{Multi-objective optimization using genetic algorithms: A tutorial}},
year = {2006}
}
@inproceedings{korherr2007,
address = {Regensburg},
author = {Korherr, B. and List, B.},
booktitle = {18th International Workshop on Database and Expert Systems Applications},
issn = {1529-4188},
month = sep,
organization = {Vienna University of Technology, Austria},
pages = {829--834},
series = {DEXA '07},
title = {{A UML 2 Profile for Variability Models and their Dependency to Business Processes}},
year = {2007}
}
@phdthesis{oliveira2010,
address = {S\~{a}o Carlos, SP},
author = {de {Oliveira Junior}, E. A.},
file = {:Users/giovaniguizzo/Documents/Mendeley Desktop//Oliveira Junior - 2010 - SystEM-PLA um m\'{e}todo sistem\'{a}tico para avalia\c{c}\~{a}o de arquitetura de linha de produto de software baseada em U.pdf:pdf},
month = jul,
school = {Universidade de S\~{a}o Paulo},
title = {{SystEM-PLA: um m\'{e}todo sistem\'{a}tico para avalia\c{c}\~{a}o de arquitetura de linha de produto de software baseada em UML}},
type = {Tese de Doutorado},
year = {2010}
}
@phdthesis{raiha2011,
address = {Tampere, Finl\^{a}ndia},
author = {R\"{a}ih\"{a}, O.},
file = {:Users/giovaniguizzo/Documents/Mendeley Desktop/R\"{a}ih\"{a} - 2011 - Genetic Algorithms in Software Architecture Synthesis.pdf:pdf},
month = nov,
pages = {249},
school = {University of Tampere},
title = {{Genetic Algorithms in Software Architecture Synthesis}},
type = {Tese de Doutorado},
year = {2011}
}
@inproceedings{raiha2008,
author = {R\"{a}ih\"{a}, O. and Koskimies, K. and M\"{a}kinen, E.},
booktitle = {Simulated Evolution and Learning},
editor = {Li, Xiaodong},
organization = {University of Tampere},
pages = {565--574},
publisher = {Springer Berlin / Heidelberg},
series = {LNCS},
title = {{Genetic synthesis of software architecture}},
volume = {5361},
year = {2008}
}
@inproceedings{raiha2011etal,
author = {R\"{a}ih\"{a}, O. and Koskimies, K. and M\"{a}kinen, E.},
booktitle = {2011 Third World Congress on Nature and Biologically Inspired Computing (NaBIC)},
pages = {29--36},
publisher = {IEEE},
title = {{Generating software architecture spectrum with multi-objective genetic algorithms}},
year = {2011}
}
@techreport{rodrigues2012,
address = {Porto Alegre, RS},
author = {Rodrigues, E. M. and Zorzo, A. F. and Gimenes, I. M. S. and Nakagawa, E. Y. and Oliveira, F. M. and Maldonado, J. C.},
file = {:Users/giovaniguizzo/Documents/Mendeley Desktop/Rodrigues et al. - 2012 - A Software Product Line for Model-Based Testing Tools.pdf:pdf},
institution = {Pontif\'{\i}cia Universidade Cat\'{o}lica do Rio Grande do Sul},
month = dec,
number = {December},
title = {{A Software Product Line for Model-Based Testing Tools}},
year = {2012}
}
@book{rumbaugh2004,
address = {Boston, MA, EUA},
author = {Rumbaugh, J. and Jacobson, I. and Booch, G.},
edition = {2},
file = {:Users/giovaniguizzo/Documents/Mendeley Desktop/Rumbaugh, Jacobson, Booch - 2004 - The Unified Modeling Language Reference Manual.pdf:pdf},
month = jul,
pages = {727},
publisher = {Addison-Wesley Professional},
title = {{The Unified Modeling Language Reference Manual}},
year = {2004}
}
@phdthesis{santanna2008,
address = {Rio de Janeiro, RJ},
author = {Sant'Anna, C. N.},
file = {:Users/giovaniguizzo/Documents/Mendeley Desktop/Sant'Anna - 2008 - On the Modularity of Aspect-Oriented Design A Concern-Driven Measurement Approach.pdf:pdf},
month = apr,
number = {April},
school = {Pont\'{\i}ficia Univiersidade Cat\'{o}lica do Rio de Janeiro},
title = {{On the Modularity of Aspect-Oriented Design : A Concern-Driven Measurement Approach}},
type = {Tese de Doutorado},
year = {2008}
}

@inproceedings{schuster2012,
address = {Dresden},
author = {Schuster, S. and Schulze, S.},
booktitle = {Proceedings of the 4th International Workshop on Feature-Oriented Software Development},
file = {:Users/giovaniguizzo/Documents/Mendeley Desktop/Schuster, Schulze - 2012 - Object-oriented design in feature-oriented programming.pdf:pdf},
isbn = {9781450313094},
month = sep,
pages = {25--28},
publisher = {ACM},
series = {FOSD '12},
title = {{Object-oriented design in feature-oriented programming}},
year = {2012}
}
@inproceedings{shimomura2010,
author = {Shimomura, T. and Ikeda, K. and Takahashi, M.},
booktitle = {Fifth International Conference on Software Engineering Advances},
file = {:Users/giovaniguizzo/Documents/Mendeley Desktop/Shimomura, Ikeda, Takahashi - 2010 - An Approach to GA-Driven Automatic Refactoring Based on Design Patterns.pdf:pdf},
isbn = {978-1-4244-7788-3},
month = aug,
pages = {213--218},
publisher = {IEEE Computer Society},
series = {ICSEA '10},
title = {{An Approach to GA-Driven Automatic Refactoring Based on Design Patterns}},
year = {2010}
}
@phdthesis{simons2011,
address = {Bristol},
author = {Simons, C. L.},
month = may,
school = {University of the West of England},
title = {{Interactive Evolutionary Computing in Early Lifecycle Software Engineering Design}},
type = {Tese de Doutorado},
year = {2011}
}
@misc{seiAGM,
author = {{Software Engineering Institute}},
howpublished = {Dispon\'{\i}vel em: http://www.sei.cmu.edu/productlines/ppl/, Acessado em: 12 de janeiro de 2014},
title = {{Arcade Game Maker Pedagogical Product Line}},
year = {2014}
}
@misc{sei,
author = {{Software Engineering Institute}},
howpublished = {Dispon\'{\i}vel em: http://www.sei.cmu.edu/productlines/frame\_report/index.html, Acessado em: 12 de janeiro de 2014},
institution = {Carnegie Mellon University},
title = {{A Framework for Software Product Line Practice, Version 5.0}},
year = {2014}
}

@inproceedings{stoermer2001,
  author    = {C. Stoermer and
               L. O'Brien},
  title     = {MAP - Mining Architectures for Product Line Evaluations},
  booktitle = {WICSA},
  year      = {2001},
  pages     = {35-44},
  ee        = {http://doi.ieeecomputersociety.org/10.1109/WICSA.2001.948405},
  crossref  = {DBLP:conf/wicsa/2001},
  bibsource = {DBLP, http://dblp.uni-trier.de}
}

@article{svahnberg2005,
address = {New York, NY, USA},
author = {Svahnberg, M. and van Gurp, J. and Bosch, J.},
issn = {0038-0644},
journal = {Software -- Practice \& Experience},
month = jul,
number = {8},
pages = {705--754},
publisher = {John Wiley \&amp; Sons, Inc.},
title = {{A taxonomy of variability realization techniques: Research Articles}},
volume = {35},
year = {2005}
}

@inproceedings{pawlak202,
author = {Pawlak, R. and Duchien, L. and Florin, G. and Legond-Aubry, F. and Seinturier, L. and Martelli, L.},
title = {A UML Notation for Aspect-Oriented Software Design},
booktitle = {In workshop on aspect-oriented modeling with UML},
year = {2002}
}

@inproceedings{aldawud2003,
author = {Aldawud, O. and Elrad, T. and Bader, A.},
title = {UML Profile for Aspect-Oriented Software Development},
booktitle = {The Third International Workshop on Aspect Oriented Modeling},
year = {2003}
}

@inproceedings{stein2002,
author = {Stein, D. and Hanenberg, S. and Unland, R.},
title = {A UML-based Aspect-oriented Design Notation for AspectJ},
booktitle = {Proceedings of the 1st International Conference on Aspect-oriented Software Development},
year = {2002}
} 

@inproceedings{ali2014, 
author={Ali, A. and Malik, Z. I. and Riaz, N. and Jaffer, M. and Usmani, K.}, 
booktitle={Advance Computing Conference (IACC), 2014 IEEE International}, 
title={The UML meta modeling extension mechanism by using Aspect Oriented Modeling}, 
year={2014} 
}

@misc{kande2002,
author = {Kand\'{e}, M. M. and Kienzle, J. and Strohmeier, A.},
title = {From AOP to UML: Towards an Aspect-Oriented Architectural Modeling Approach},
year = {2002}
}

@inproceedings{kienzle2009,
author = {Kienzle, J. and Abed, W. A. and Klein, J.},
title = {Aspect-oriented Multi-view Modeling},
booktitle = {Proceedings of the 8th ACM International Conference on Aspect-oriented Software Development},
year = {2009},
}

@inproceedings{barra2004,
author = {Barra, E. and Genova, G. and Llorens, J.},
title = {An approach to aspect modeling with UML 2.0},
booktitle = {In Proceedings of the 5th International Workshop on Aspect-Oriented Modeling},
year = {2004}
}

@inproceedings{zhang2005,
author={Zhang, G.}, 
booktitle={Software Engineering Conference, 2005. APSEC '05. 12th Asia-Pacific}, 
title={Towards aspect-oriented class diagrams}, 
year={2005}
}

@phdthesis{chavez2004,
author={Chavez, C. F. G.},
title={Um Enfoque Baseado em Modelos para o Design Orientado a Aspectos},
year={2004},
school = {Pontif\'{i}cia Universidade Cat\'{o}lica do Rio de Janeiro},
address = {Rio de Janeiro, RJ},
type = {Tese de Doutorado}
}

@article{vanderhoek2003,
address = {Washington, DC, EUA},
author = {van der Hoek, A. and Dincel, E. and Medvidovic, N.},
file = {:Users/giovaniguizzo/Documents/Mendeley Desktop/van der Hoek, Dincel, Medvidovic - 2003 - Using service utilization metrics to assess the structure of product line architectures.pdf:pdf},
journal = {Proceedings of the 9th International Symposium on Software Metrics},
pages = {298},
publisher = {IEEE Computer Society},
title = {{Using service utilization metrics to assess the structure of product line architectures}},
year = {2003}
}
@book{linden2007,
author = {van der Linden, F. and Schmid, K. and Rommes, E.},
file = {:Users/giovaniguizzo/Documents/Mendeley Desktop/van der Linden, Schimid, Rommes - 2007 - Software Product Lines in Action.pdf:pdf},
publisher = {Springer},
title = {{Software Product Lines in Action: The Best Industrial Practice in Product Line Engineering}},
year = {2007}
}
@inproceedings{verdin2006,
author = {Verdin, K. C. and Olalde, C. L.},
booktitle = {Proceedings for First Workshop on Aspect-oriented Product Line Engineering (AOPLE-1)},
pages = {4},
title = {{Assessment of Product Line Architecture and AspectOriented Software Architecture Methods}},
year = {2006}
}
@phdthesis{young2005,
author = {Young, T. J.},
booktitle = {University of British Columbia, Department of Computer Science},
school = {University of British Columbia},
title = {{Using AspectJ to Build a Software Product Line for Mobile Devices}},
type = {Tese de Mestrado},
year = {2005}
}
@book{yourdon1979,
address = {Upper Saddle River, NJ, EUA},
author = {Yourdon, E. and Constantine, L. L.},
pages = {473},
publisher = {Prentice-Hall, Inc.},
title = {{Structured Design: Fundamentals of a Discipline of Computer Program and Systems Design}},
year = {1979}
}
@article{zhang2007,
author = {Zhang, Q. and Li, H.},
doi = {10.1109/TEVC.2007.892759},
issn = {1089-778X},
journal = {IEEE Transactions on Evolutionary Computation},
number = {6},
pages = {712--731},
title = {{MOEA/D: A Multiobjective Evolutionary Algorithm Based on Decomposition}},
volume = {11},
year = {2007}
}
@incollection{ziadi2004,
author = {Ziadi, T. and H\'{e}lou\"{e}t, L. and J\'{e}z\'{e}quel, J.-M.},
booktitle = {Software Product-Family Engineering},
editor = {Linden, Frank J.},
pages = {129--139},
publisher = {Springer Berlin Heidelberg},
series = {Lecture Notes in Computer Science},
title = {{Towards a UML Profile for Software Product Lines}},
volume = {3014},
year = {2004}
}
@techreport{zitzler2001,
address = {Zurich, Su\'{\i}\c{c}a},
author = {Zitzler, E. and Laumanns, M. and Thiele, L.},
institution = {Department of Electrical Engineering, Swiss Federal Institute of Technology},
title = {{SPEA2: improving the strength Pareto evolutionary algorithm}},
year = {2001}
}
@inproceedings{moraes2010,
address = {Antofagasta},
author = {de Moraes, A. L. S. and Brito, R. de C. and {Contieri Junior}, A. C. and Ramos, M. C. and Colanzi, T. E. and Gimenes, I. M. de S. and Masiero, P. C.},
booktitle = {Proceedings of the 2010 XXIX International Conference of the Chilean Computer Science Society},
isbn = {978-0-7695-4400-7},
pages = {71--80},
publisher = {IEEE Computer Society},
series = {SCCC '10},
title = {{Using Aspects and the Spring Framework to Implement Variabilities in a Software Product Line}},
year = {2010}
}

@inproceedings{morisawa2001,
  added-at = {2006-02-15T00:00:00.000+0100},
  author = {Morisawa, Y. and Torii, K.},
  biburl = {http://www.bibsonomy.org/bibtex/2fddde659b35afb95c48d5a4ff960fb49/dblp},
  booktitle = {ESEC / SIGSOFT FSE},
  date = {2006-02-15},
  description = {dblp},
  ee = {http://doi.acm.org/10.1145/503209.503212},
  interhash = {8aea407bb9207da1b47d5e8f119e1fa3},
  intrahash = {fddde659b35afb95c48d5a4ff960fb49},
  keywords = {dblp},
  pages = {11-20},
  timestamp = {2006-02-15T00:00:00.000+0100},
  title = {An architectural style of product lines for distributed processing systems, and practical selection method.},
  url = {http://dblp.uni-trier.de/db/conf/sigsoft/fse2001.html#MorisawaT01},
  year = 2001
}

@article{kim2008,
  added-at = {2008-02-26T00:00:00.000+0100},
  author = {Kim, J. and Park, S. and Sugumaran, V.},
  biburl = {http://www.bibsonomy.org/bibtex/226c5c79c2d249b90c6e82018f8ece79e/dblp},
  date = {2008-02-26},
  description = {dblp},
  ee = {http://dx.doi.org/10.1016/j.jss.2007.04.011},
  interhash = {45b3552f130935051f3bdc9268caca23},
  intrahash = {26c5c79c2d249b90c6e82018f8ece79e},
  journal = {Journal of Systems and Software},
  keywords = {dblp},
  number = 1,
  pages = {37-55},
  timestamp = {2008-02-26T00:00:00.000+0100},
  title = {DRAMA: A framework for domain requirements analysis and modeling architectures in software product lines.},
  url = {http://dblp.uni-trier.de/db/journals/jss/jss81.html#KimPS08},
  volume = 81,
  year = 2008
}

@phdthesis{guilherme2010,
address = {Maring\'{a}, PR},
author = {Correia, G. G.},
school = {Universidade Estadual de Maring\'{a}},
title = {Avalia\c{c}\~{a}o de Arquitetura de Linha de Produto de Software por meio de M\'{e}tricas},
type = {Trabalho de conclus\~{a}o de curso},
year = {2010}
}

@phdthesis{antonio2010,
address = {Maring\'{a}, PR},
author = {J\'{u}nior, A. C. C.},
school = {Universidade Estadual de Maring\'{a}},
title = {Aplica\c{c}\~{a}o de M\'{e}tricas em Arquiteturas de Linhas de Produto de Software},
type = {Trabalho de conclus\~{a}o de curso},
year = {2010}
}

@phdthesis{paula2008,
address = {S\~{a}o Paulo, SP},
author = {Donegan, P. M.},
school = {Universidade de S\~{a}o Paulo},
title = {Gera\c{c}\~{a}o de Fam\'{i}lias de Produtos de Software com Arquitetura Baseada em Componentes},
type = {Disserta\c{c}\~{a}o de Mestrado},
year = {2008}
}

@phdthesis{macia2013,
author = {Macia, Isela},
school = {Pontif\'{\i}cia Universidade Cat\'{o}lica do Rio de Janeiro},
title = {{On the Detection of Architecturally-Relevant Code Anomalies in Software Systems}},
type = {Tese de Doutorado},
year = {2013}
}

@article{burke2013hyper,
  title={Hyper-heuristics: A survey of the state of the art},
  author={Burke, Edmund K and Gendreau, Michel and Hyde, Matthew and Kendall, Graham and Ochoa, Gabriela and {\"O}zcan, Ender and Qu, Rong},
  journal={Journal of the Operational Research Society},
  volume={64},
  number={12},
  pages={1695--1724},
  year={2013},
  publisher={Palgrave Macmillan}
}


@article{sabar2015automatic,
  title={Automatic Design of a Hyper-Heuristic Framework With Gene Expression Programming for Combinatorial Optimization Problems},
  author={Sabar, N.R. ;Ayob, M. ; Kendall, G. ; Rong Qu},
  journal={IEEE Transactions on Software Engineering},
  volume={19},
  number={3},
  pages={309 - 325},
  year={2015},
  publisher={IEEE}
}

@incollection{burke2009exploring,
  title={Exploring hyper-heuristic methodologies with genetic programming},
  author={Burke, Edmund K and Hyde, Mathew R and Kendall, Graham and Ochoa, Gabriela and Ozcan, Ender and Woodward, John R},
  booktitle={Computational intelligence},
  pages={177--201},
  year={2009},
  publisher={Springer}
}


@incollection{ryan1998grammatical,
  title={Grammatical evolution: Evolving programs for an arbitrary language},
  author={Ryan, Conor and Collins, JJ and Neill, Michael O},
  booktitle={Genetic Programming},
  pages={83--96},
  year={1998},
  publisher={Springer}
}

@book{montgomery1994bioquimica,
  title={Bioqu{\'\i}mica: uma abordagem dirigida por casos},
  author={Montgomery, Rex and Conway, Thomas W and Spector, Arthur A},
  year={1994},
  publisher={Artes M{\'e}dicas}
}

@book{devlin1998manual,
  title={Manual de bioqu{\'\i}mica: com correla{\c{c}}{\~o}es cl{\'\i}nicas},
  author={Devlin, Thomas M and Toma, Leny},
  year={1998}
}

@article{castrignano2006pmdb,
  title={The PMDB protein model database},
  author={Castrignan{\`o}, Tiziana and De Meo, Paolo D'Onorio and Cozzetto, Domenico and Talamo, Ivano Giuseppe and Tramontano, Anna},
  journal={Nucleic acids research},
  volume={34},
  number={suppl 1},
  pages={D306--D309},
  year={2006},
  publisher={Oxford Univ Press}
}

@article{eswar2003tools,
  title={Tools for comparative protein structure modeling and analysis},
  author={Eswar, Narayanan and John, Bino and Mirkovic, Nebojsa and Fiser, Andras and Ilyin, Valentin A and Pieper, Ursula and Stuart, Ashley C and Marti-Renom, Marc A and Madhusudhan, Mallur S and Yerkovich, Bozidar and others},
  journal={Nucleic acids research},
  volume={31},
  number={13},
  pages={3375--3380},
  year={2003},
  publisher={Oxford Univ Press}
}


@incollection{ilari2008protein,
  title={Protein structure determination by x-ray crystallography},
  author={Ilari, Andrea and Savino, Carmelinda},
  booktitle={Bioinformatics},
  pages={63--87},
  year={2008},
  publisher={Springer}
}

@article{gobl2012application,
  title={Application of solution NMR spectroscopy to study protein dynamics},
  author={G{\"o}bl, Christoph and Tjandra, Nico},
  journal={Entropy},
  volume={14},
  number={3},
  pages={581--598},
  year={2012},
  publisher={Molecular Diversity Preservation International}
}

@article{dill2000polymer,
  title={Polymer principles and protein folding},
  author={Dill, Ken A},
  journal={Protein Science},
  volume={9},
  number={12},
  pages={2583--2583},
  year={2000},
  publisher={Cambridge Univ Press}
}

@article{bastolla1997testing,
  title={Testing a new Monte Carlo algorithm for protein folding},
  author={Bastolla, Ugo and Frauenkron, Helge and Gerstner, Erwin and Grassberger, Peter and Nadler, Walter},
  journal={arXiv preprint cond-mat/9710030},
  year={1997}
}

@article{berger1998protein,
  title={Protein folding in the hydrophobic-hydrophilic (HP) model is NP-complete},
  author={Berger, Bonnie and Leighton, Tom},
  journal={Journal of Computational Biology},
  volume={5},
  number={1},
  pages={27--40},
  year={1998}
}

@article{crescenzi1998complexity,
  title={On the complexity of protein folding},
  author={Crescenzi, Pierluigi and Goldman, Deborah and Papadimitriou, Christos and Piccolboni, Antonio and Yannakakis, Mihalis},
  journal={Journal of computational biology},
  volume={5},
  number={3},
  pages={423--465},
  year={1998}
}

@article{krasnogor1999protein,
  title={Protein structure prediction with evolutionary algorithms},
  author={Krasnogor, Natalio and Hart, W and Smith, Jim and Pelta, D},
  year={1999},
  publisher={Morgan Kaufmann, San Francisco}
}

@article{vendruscolo2000can,
  title={Can a pairwise contact potential stabilize native protein folds against decoys obtained by threading?},
  author={Vendruscolo, Michele and Najmanovich, Rafael and Domany, Eytan},
  journal={Proteins: Structure, Function, and Bioinformatics},
  volume={38},
  number={2},
  pages={134--148},
  year={2000},
  publisher={Wiley Online Library}
}

@article{benitez2015algoritmo,
  title={Um algoritmo gen{\'e}tico paralelo para o problema de dobramento de prote{\'\i}nas utilizando o modelo 3DHP com cadeia lateral},
  author={Ben{\'\i}tez, C{\'e}sar Manuel Vargas},
  year={2010},
  publisher={Curitiba}
}

@book{suzuki1986introduction,
  title={An introduction to genetic analysis.},
  author={Suzuki, David T and Griffiths, Anthony JF and Miller, Jeffrey H and Lewontin, Richard C and others},
  number={Ed. 3},
  year={1986},
  publisher={WH Freeman and Company}
}

@book{cox2013lehninger,
  title={Lehninger principles of biochemistry},
  author={Cox, Michael M and others},
  year={2013},
  publisher={Freeman}
}

@article{grantcharova2001mechanisms,
  title={Mechanisms of protein folding},
  author={Grantcharova, Viara and Alm, Eric J and Baker, David and Horwich, Arthur L},
  journal={Current opinion in structural biology},
  volume={11},
  number={1},
  pages={70--82},
  year={2001},
  publisher={Elsevier}
}

@book{branden1999introduction,
  title={Introduction to protein structure},
  author={Branden, Carl Ivar and others},
  year={1999},
  publisher={Garland Science}
}


@book{lodish2000molecular,
  title={Molecular cell biology},
  author={Lodish, Harvey F and Berk, Arnold and Zipursky, S Lawrence and Matsudaira, Paul and Baltimore, David and Darnell, James and others},
  volume={4},
  year={2000},
  publisher={Citeseer}
}

@book{pedersen2000algorithms,
  title={Algorithms in computational biology},
  author={Pedersen, Christian NS},
  year={2000},
  publisher={BRICS}
}

@article{sela1957reductive,
  title={Reductive cleavage of disulfide bridges in ribonuclease},
  author={Sela, Michael and White Jr, Frederick H and Anfinsen, Christian B},
  journal={Science},
  volume={125},
  number={3250},
  pages={691--692},
  year={1957},
  publisher={American Association for the Advancement of Science}
}

@misc{anfinsen1972studies,
  title={Studies on the principles that govern the folding of protein chains},
  author={Anfinsen, Christian B},
  year={1972}
}

@article{anfinsen1961kinetics,
  title={The kinetics of formation of native ribonuclease during oxidation of the reduced polypeptide chain},
  author={Anfinsen, Christian B and Haber, Edgar and Sela, Michael and White Jr, FH},
  journal={Proceedings of the National Academy of Sciences of the United States of America},
  volume={47},
  number={9},
  pages={1309},
  year={1961},
  publisher={National Academy of Sciences}
}

@article{hutton2001analysis,
  title={Analysis of tauopathies with transgenic mice},
  author={Hutton, Mike and Lewis, Jada and Dickson, Dennis and Yen, Shu-Hui and McGowan, Eileen},
  journal={Trends in molecular medicine},
  volume={7},
  number={10},
  pages={467--470},
  year={2001},
  publisher={Elsevier}
}

@article{selkoe2001clearing,
  title={Clearing the brain's amyloid cobwebs},
  author={Selkoe, Dennis J},
  journal={Neuron},
  volume={32},
  number={2},
  pages={177--180},
  year={2001},
  publisher={Elsevier}
}

@article{bell2002p53,
  title={p53 contains large unstructured regions in its native state},
  author={Bell, Stefan and Klein, Christian and M{\"u}ller, Lin and Hansen, Silke and Buchner, Johannes},
  journal={Journal of molecular biology},
  volume={322},
  number={5},
  pages={917--927},
  year={2002},
  publisher={Elsevier}
}

@article{dawson2003n,
  title={The N-terminal domain of p53 is natively unfolded},
  author={Dawson, Roger and M{\"u}ller, Lin and Dehner, Alexander and Klein, Christian and Kessler, Horst and Buchner, Johannes},
  journal={Journal of molecular biology},
  volume={332},
  number={5},
  pages={1131--1141},
  year={2003},
  publisher={Elsevier}
}

@article{ishimaru2003fibrillar,
  title={Fibrillar aggregates of the tumor suppressor p53 core domain},
  author={Ishimaru, Daniella and Andrade, Leonardo R and Teixeira, Luciano SP and Quesado, Pablo A and Maiolino, Larissa M and Lopez, Priscila M and Cordeiro, Yraima and Costa, Lilian T and Heckl, Wolfgang M and Weissm{\"u}ller, Gilberto and others},
  journal={Biochemistry},
  volume={42},
  number={30},
  pages={9022--9027},
  year={2003},
  publisher={ACS Publications}
}


@article{thomas1992altered,
  title={Altered protein folding may be the molecular basis of most cases of cystic fibrosis},
  author={Thomas, Philip J and Ko, Young H and Pedersen, Peter L},
  journal={FEBS letters},
  volume={312},
  number={1},
  pages={7--9},
  year={1992},
  publisher={Elsevier}
}

@article{ursini2002atherosclerosis,
  title={Atherosclerosis: another protein misfolding disease?},
  author={Ursini, Fulvio and Davies, Kelvin JA and Maiorino, Matilde and Parasassi, Tiziana and Sevanian, Alex},
  journal={Trends in Molecular Medicine},
  volume={8},
  number={8},
  pages={370--374},
  year={2002},
  publisher={Elsevier}
}


@article{mcnaught2001failure,
  title={Failure of the ubiquitin--proteasome system in Parkinson's disease},
  author={McNaught, Kevin St P and Olanow, C Warren and Halliwell, Barry and Isacson, Ole and Jenner, Peter},
  journal={Nature Reviews Neuroscience},
  volume={2},
  number={8},
  pages={589--594},
  year={2001},
  publisher={Nature Publishing Group}
}

@article{nicosia2008generalized,
  title={Generalized pattern search algorithm for peptide structure prediction},
  author={Nicosia, Giuseppe and Stracquadanio, Giovanni},
  journal={Biophysical journal},
  volume={95},
  number={10},
  pages={4988--4999},
  year={2008},
  publisher={Elsevier}
}

@incollection{lopes2008evolutionary,
  title={Evolutionary algorithms for the protein folding problem: A review and current trends},
  author={Lopes, Heitor Silv{\'e}rio},
  booktitle={Computational intelligence in biomedicine and bioinformatics},
  pages={297--315},
  year={2008},
  publisher={Springer}
}

@article{atkins1999intractability,
  title={On the intractability of protein folding with a finite alphabet of amino acids},
  author={Atkins, John and Hart, William E},
  journal={Algorithmica},
  volume={25},
  number={2-3},
  pages={279--294},
  year={1999},
  publisher={Springer}
}

@article{berger1998protein,
  title={Protein folding in the hydrophobic-hydrophilic (HP) model is NP-complete},
  author={Berger, Bonnie and Leighton, Tom},
  journal={Journal of Computational Biology},
  volume={5},
  number={1},
  pages={27--40},
  year={1998}
}

@article{tozzini2005coarse,
  title={Coarse-grained models for proteins},
  author={Tozzini, Valentina},
  journal={Current opinion in structural biology},
  volume={15},
  number={2},
  pages={144--150},
  year={2005},
  publisher={Elsevier}
}

@article{shakhnovich1993engineering,
  title={Engineering of stable and fast-folding sequences of model proteins},
  author={Shakhnovich, Eugene I and Gutin, Alexander M},
  journal={Proceedings of the National Academy of Sciences},
  volume={90},
  number={15},
  pages={7195--7199},
  year={1993},
  publisher={National Acad Sciences}
}

@article{unger1993finding,
  title={Finding the lowest free energy conformation of a protein is an NP-hard problem: proof and implications},
  author={Unger, Ron and Moult, John},
  journal={Bulletin of Mathematical Biology},
  volume={55},
  number={6},
  pages={1183--1198},
  year={1993},
  publisher={Springer}
}


@article{hart1997lattice,
  title={Lattice and off-lattice side chain models of protein folding: linear time structure prediction better than 86\% of optimal},
  author={Hart, William E and Istrail, Sorin},
  journal={Journal of Computational Biology},
  volume={4},
  number={3},
  pages={241--259},
  year={1997}
}

@article{ngo1994protein,
  title={The protein folding problem and tertiary structure prediction},
  author={Ngo, J and Marks, J and Karplus, M},
  journal={Merz and LeGrand, ed. Birkhauser, Boston},
  year={1994}
}

@inproceedings{bornberg1997chain,
  title={Chain growth algorithms for HP-type lattice proteins},
  author={Bornberg-Bauer, Erich},
  booktitle={Proceedings of the first annual international conference on Computational molecular biology},
  pages={47--55},
  year={1997},
  organization={ACM}
}

@article{thomas1993local,
  title={Local and nonlocal interactions in globular proteins and mechanisms of alcohol denaturation},
  author={Thomas, Paul D and Dill, Ken A},
  journal={Protein Science},
  volume={2},
  number={12},
  pages={2050--2065},
  year={1993},
  publisher={Wiley Online Library}
}

@article{stillinger1993toy,
  title={Toy model for protein folding},
  author={Stillinger, Frank H and Head-Gordon, Teresa and Hirshfeld, Catherine L},
  journal={Physical review E},
  volume={48},
  number={2},
  pages={1469},
  year={1993},
  publisher={APS}
}

@article{sabar2014automatic,
  title={The automatic design of hyper-heuristic framework with gene expression programming for combinatorial optimization problems},
  author={Sabar, Nasser and Ayob, Masri and Kendall, Graham and Qu, Ronghai},
  year={2014},
  publisher={IEEE}
}


@incollection{chakhlevitch2008hyperheuristics,
  title={Hyperheuristics: recent developments},
  author={Chakhlevitch, Konstantin and Cowling, Peter},
  booktitle={Adaptive and multilevel metaheuristics},
  pages={3--29},
  year={2008},
  publisher={Springer}
}

@article{burke2013hyper,
  title={Hyper-heuristics: A survey of the state of the art},
  author={Burke, Edmund K and Gendreau, Michel and Hyde, Matthew and Kendall, Graham and Ochoa, Gabriela and {\"O}zcan, Ender and Qu, Rong},
  journal={Journal of the Operational Research Society},
  volume={64},
  number={12},
  pages={1695--1724},
  year={2013},
  publisher={Palgrave Macmillan}
}

@article{blum2011hybrid,
  title={Hybrid metaheuristics in combinatorial optimization: A survey},
  author={Blum, Christian and Puchinger, Jakob and Raidl, G{\"u}nther R and Roli, Andrea},
  journal={Applied Soft Computing},
  volume={11},
  number={6},
  pages={4135--4151},
  year={2011},
  publisher={Elsevier}
}

@article{talbi2006cosearch,
  title={Cosearch: A parallel cooperative metaheuristic},
  author={Talbi, El-Ghazali and Bachelet, Vincent},
  journal={Journal of Mathematical Modelling and Algorithms},
  volume={5},
  number={1},
  pages={5--22},
  year={2006},
  publisher={Springer}
}

@article{durillo2011jmetal,
  title={jMetal: A Java framework for multi-objective optimization},
  author={Durillo, Juan J and Nebro, Antonio J},
  journal={Advances in Engineering Software},
  volume={42},
  number={10},
  pages={760--771},
  year={2011},
  publisher={Elsevier}
}


