@article{burke2013hyper,
	title={Hyper-heuristics: A survey of the state of the art},
	author={Burke, Edmund K and Gendreau, Michel and Hyde, Matthew and Kendall, Graham and Ochoa, Gabriela and {\"O}zcan, Ender and Qu, Rong},
	journal={Journal of the Operational Research Society},
	volume={64},
	number={12},
	pages={1695--1724},
	year={2013},
	publisher={Palgrave Macmillan}
}

@book{zitzler1999evolutionary,
	title={Evolutionary algorithms for multiobjective optimization: Methods and applications},
	author={Zitzler, Eckart},
	volume={63},
	year={1999},
	publisher={Citeseer}
}

@article{kruskal1952use,
	title={Use of ranks in one-criterion variance analysis},
	author={Kruskal, William H and Wallis, W Allen},
	journal={Journal of the American statistical Association},
	volume={47},
	number={260},
	pages={583--621},
	year={1952},
	publisher={Taylor \& Francis}
}

@article{deb2002fast,
	title={A fast and elitist multiobjective genetic algorithm: NSGA-II},
	author={Deb, Kalyanmoy and Pratap, Amrit and Agarwal, Sameer and Meyarivan, TAMT},
	journal={Evolutionary Computation, IEEE Transactions on},
	volume={6},
	number={2},
	pages={182--197},
	year={2002},
	publisher={IEEE}
}

@article{zitzler1999multiobjective,
	title={Multiobjective evolutionary algorithms: a comparative case study and the strength Pareto approach},
	author={Zitzler, Eckart and Thiele, Lothar},
	journal={evolutionary computation, IEEE transactions on},
	volume={3},
	number={4},
	pages={257--271},
	year={1999},
	publisher={IEEE}
}